<?xml version="1.0" encoding="UTF-8"?><record xmlns="http://www.loc.gov/MARC21/slim" xmlns:cinclude="http://apache.org/cocoon/include/1.0" xmlns:zs="http://www.loc.gov/zing/srw/">
  <leader>00394cz  a2200133n  4500</leader>
  <controlfield tag="001">n  80069785 </controlfield>
  <controlfield tag="003">DLC</controlfield>
  <controlfield tag="005">20090219080252.0</controlfield>
  <controlfield tag="008">800820n| acannaabn          |n aaa      </controlfield>
  <datafield tag="010" ind1=" " ind2=" ">
    <subfield code="a">n  80069785 </subfield>
  </datafield>
  <datafield tag="035" ind1=" " ind2=" ">
    <subfield code="a">(OCoLC)oca00451287</subfield>
  </datafield>
  <datafield tag="040" ind1=" " ind2=" ">
    <subfield code="a">DLC</subfield>
    <subfield code="b">eng</subfield>
    <subfield code="c">DLC</subfield>
    <subfield code="d">OCoLC</subfield>
  </datafield>
  <datafield tag="100" ind1="1" ind2=" ">
    <subfield code="a">Jahnke, Eckhard</subfield>
  </datafield>
  <datafield tag="670" ind1=" " ind2=" ">
    <subfield code="a">His Kultur und Religion in der religioĚsen Erziehung, 1979:</subfield>
    <subfield code="b">t.p. (Eckhard Jahnke) p. 14 (Dr.)</subfield>
  </datafield>
</record>